<record><leader>00000cas a22000007a 4500</leader><controlfield tag="001">15012103</controlfield><controlfield tag="008">861224d18901892inuwr ne      0    0eng d</controlfield><datafield ind1=" " ind2=" " tag="010"><subfield code="a">sn 86059209 </subfield></datafield><datafield ind1=" " ind2=" " tag="040"><subfield code="a">NPI</subfield><subfield code="b">eng</subfield><subfield code="c">NPI</subfield><subfield code="d">P4I</subfield><subfield code="d">OCLCQ</subfield><subfield code="d">OCLCF</subfield><subfield code="d">OCLCO</subfield></datafield><datafield ind1=" " ind2=" " tag="042"><subfield code="a">msc</subfield></datafield><datafield ind1="0" ind2="0" tag="245"><subfield code="a">Greencastle banner and times.</subfield></datafield><datafield ind1=" " ind2=" " tag="260"><subfield code="a">Greencastle, Ind. :</subfield><subfield code="b">M.J. Becket,</subfield><subfield code="c">1890-1892.</subfield></datafield><datafield ind1=" " ind2=" " tag="310"><subfield code="a">Weekly</subfield></datafield><datafield ind1="0" ind2=" " tag="362"><subfield code="a">Vol. 38, no. 38 (Sept. 18, 1890)-v. 40, no. 31 (Aug. 4, 1892).</subfield></datafield><datafield ind1=" " ind2=" " tag="580"><subfield code="a">Daily ed: Daily Greencastle banner and times; Daily banner and times, and: Banner and times.</subfield></datafield><datafield ind1=" " ind2="0" tag="650"><subfield code="a">Periodicals.</subfield></datafield><datafield ind1=" " ind2="7" tag="650"><subfield code="a">Periodicals.</subfield><subfield code="2">fast</subfield><subfield code="0">(OCoLC)fst01058072</subfield></datafield><datafield ind1=" " ind2=" " tag="752"><subfield code="a">United States</subfield><subfield code="b">Indiana</subfield><subfield code="c">Putnam</subfield><subfield code="d">Greencastle.</subfield></datafield><datafield ind1="1" ind2=" " tag="775"><subfield code="t">Daily Greencastle banner and times</subfield><subfield code="w">(DLC)sn 86059214</subfield></datafield><datafield ind1="1" ind2=" " tag="775"><subfield code="t">Daily banner and times</subfield><subfield code="w">(DLC)sn 86059215</subfield></datafield><datafield ind1="1" ind2=" " tag="775"><subfield code="t">Banner and times</subfield><subfield code="w">(DLC)sn 86059216</subfield></datafield><datafield ind1="0" ind2="4" tag="780"><subfield code="t">Greencastle banner (Greencastle, Ind. : 1869)</subfield><subfield code="w">(DLC)sn 84027387</subfield><subfield code="w">(OCoLC)11065387</subfield></datafield><datafield ind1="0" ind2="4" tag="780"><subfield code="t">Greencastle times</subfield><subfield code="w">(DLC)sn 86059208</subfield></datafield><datafield ind1="0" ind2="0" tag="785"><subfield code="t">Greencastle banner times</subfield><subfield code="w">(DLC)sn 86059211</subfield></datafield></record>